<record><leader>00000cas a22000007a 4500</leader><controlfield tag="001">11115355</controlfield><controlfield tag="008">840904d18551867nyuwr ne      0    0eng d</controlfield><datafield ind1=" " ind2=" " tag="010"><subfield code="a">sn 84024297 </subfield></datafield><datafield ind1=" " ind2=" " tag="040"><subfield code="a">NPV</subfield><subfield code="b">eng</subfield><subfield code="c">NPV</subfield><subfield code="d">NPX</subfield><subfield code="d">NYG</subfield><subfield code="d">NYS</subfield><subfield code="d">OCL</subfield><subfield code="d">OCLCQ</subfield><subfield code="d">OCLCF</subfield><subfield code="d">OCLCO</subfield></datafield><datafield ind1=" " ind2=" " tag="042"><subfield code="a">msc</subfield></datafield><datafield ind1=" " ind2=" " tag="043"><subfield code="a">n-us-ny</subfield></datafield><datafield ind1="0" ind2=" " tag="130"><subfield code="a">St. Lawrence Democrat (Ogdensburg, N.Y.)</subfield></datafield><datafield ind1="1" ind2="0" tag="245"><subfield code="a">St. Lawrence Democrat.</subfield></datafield><datafield ind1="3" ind2="0" tag="246"><subfield code="a">Saint Lawrence Democrat</subfield></datafield><datafield ind1="3" ind2="0" tag="246"><subfield code="a">St. Lawrence Democrat and weekly advance</subfield></datafield><datafield ind1="3" ind2="0" tag="246"><subfield code="a">Saint Lawrence Democrat and weekly advance</subfield></datafield><datafield ind1="1" ind2="3" tag="246"><subfield code="a">Democrat</subfield></datafield><datafield ind1=" " ind2=" " tag="260"><subfield code="a">Ogdensburgh, N.Y. :</subfield><subfield code="b">H.H. Abbott and Wm. B.W. O'Brian</subfield></datafield><datafield ind1=" " ind2=" " tag="300"><subfield code="a">v. :</subfield><subfield code="b">ill. (chiefly advertisements) ;</subfield><subfield code="c">58 cm.</subfield></datafield><datafield ind1=" " ind2=" " tag="310"><subfield code="a">Weekly</subfield></datafield><datafield ind1="1" ind2=" " tag="362"><subfield code="a">Began in 1855.</subfield><subfield code="z">Cf. French, J.H. Gazetteer of the state of N.Y., 1860.</subfield></datafield><datafield ind1="1" ind2=" " tag="362"><subfield code="a">Ceased in 1867.</subfield><subfield code="z">Cf. Hist. of St. Lawrence Co., N.Y., 1878.</subfield></datafield><datafield ind1=" " ind2=" " tag="500"><subfield code="a">Published at Canton, N.Y., 1855-&lt;1859&gt;. Cf. French, J.H. Gazetteer of the state of N.Y., 1860.</subfield></datafield><datafield ind1=" " ind2=" " tag="500"><subfield code="a">Published by: Abbott and O'Brian, &lt;1860-1862&gt;; and by: R.M. Skeels, &lt;1866&gt;.</subfield></datafield><datafield ind1=" " ind2=" " tag="500"><subfield code="a">Published as: St. Lawrence Democrat and weekly advance, &lt;June 13, 1862&gt;.</subfield></datafield><datafield ind1=" " ind2=" " tag="580"><subfield code="a">Daily ed.: Advance (Ogdensburg, N.Y. : Daily), 1862-1867.</subfield></datafield><datafield ind1=" " ind2=" " tag="588"><subfield code="a">Description based on: Vol. 2, no. 14 (Feb. 23, 1860).</subfield></datafield><datafield ind1=" " ind2=" " tag="588"><subfield code="a">Latest issue consulted: Vol. 9, no. 26 (Apr. 12, 1867).</subfield></datafield><datafield ind1=" " ind2="0" tag="651"><subfield code="a">Canton (N.Y.)</subfield><subfield code="v">Newspapers.</subfield></datafield><datafield ind1=" " ind2="0" tag="651"><subfield code="a">Ogdensburg (N.Y.)</subfield><subfield code="v">Newspapers.</subfield></datafield><datafield ind1=" " ind2="0" tag="651"><subfield code="a">Saint Lawrence County (N.Y.)</subfield><subfield code="v">Newspapers.</subfield></datafield><datafield ind1=" " ind2="7" tag="655"><subfield code="a">Newspapers.</subfield><subfield code="2">fast</subfield><subfield code="0">(OCoLC)fst01423814</subfield></datafield><datafield ind1=" " ind2="7" tag="651"><subfield code="a">New York (State)</subfield><subfield code="z">Canton.</subfield><subfield code="2">fast</subfield><subfield code="0">(OCoLC)fst01202672</subfield></datafield><datafield ind1=" " ind2="7" tag="651"><subfield code="a">New York (State)</subfield><subfield code="z">Ogdensburg.</subfield><subfield code="2">fast</subfield><subfield code="0">(OCoLC)fst01205287</subfield></datafield><datafield ind1=" " ind2="7" tag="651"><subfield code="a">New York (State)</subfield><subfield code="z">Saint Lawrence County.</subfield><subfield code="2">fast</subfield><subfield code="0">(OCoLC)fst01202920</subfield></datafield><datafield ind1=" " ind2=" " tag="752"><subfield code="a">United States</subfield><subfield code="b">New York</subfield><subfield code="c">Saint Lawrence</subfield><subfield code="d">Ogdensburg.</subfield></datafield><datafield ind1=" " ind2=" " tag="752"><subfield code="a">United States</subfield><subfield code="b">New York</subfield><subfield code="c">Saint Lawrence</subfield><subfield code="d">Canton.</subfield></datafield><datafield ind1="1" ind2=" " tag="775"><subfield code="t">Advance (Ogdensburg, N.Y. : Daily)</subfield><subfield code="w">(DLC)sn 85026929</subfield><subfield code="w">(OCoLC)12741619</subfield></datafield><datafield ind1="0" ind2="5" tag="780"><subfield code="t">Advance (Ogdensburg, N.Y. : Weekly)</subfield><subfield code="g">1862</subfield><subfield code="w">(DLC)sn 93063618</subfield><subfield code="w">(OCoLC)28195052</subfield></datafield><datafield ind1="0" ind2="0" tag="785"><subfield code="t">Ogdensburg advance and St. Lawrence weekly Democrat</subfield><subfield code="w">(DLC)sn 83031423</subfield><subfield code="w">(OCoLC)9880083</subfield></datafield></record>